<record><leader>00000cas a2200000 a 4500</leader><controlfield tag="001">13175120</controlfield><controlfield tag="008">860220u1882uuuunyuwr ne      0    0eng d</controlfield><datafield ind1=" " ind2=" " tag="010"><subfield code="a">sn 86063108 </subfield></datafield><datafield ind1=" " ind2=" " tag="040"><subfield code="a">KSH</subfield><subfield code="b">eng</subfield><subfield code="c">KSH</subfield><subfield code="d">NPT</subfield><subfield code="d">DLC</subfield><subfield code="d">NYS</subfield><subfield code="d">OCL</subfield><subfield code="d">OCLCQ</subfield></datafield><datafield ind1=" " ind2=" " tag="042"><subfield code="a">msc</subfield></datafield><datafield ind1="0" ind2="4" tag="245"><subfield code="a">The Grin and bear it.</subfield></datafield><datafield ind1=" " ind2=" " tag="260"><subfield code="a">Lyons, N.Y. :</subfield><subfield code="b">M.J. &amp; I.J. VanMarter</subfield></datafield><datafield ind1=" " ind2=" " tag="300"><subfield code="a">v. ;</subfield><subfield code="c">65 cm.</subfield></datafield><datafield ind1=" " ind2=" " tag="310"><subfield code="a">Weekly</subfield></datafield><datafield ind1="1" ind2=" " tag="362"><subfield code="a">Began in 1882.</subfield><subfield code="z">Cf. Ayer, 1884.</subfield></datafield><datafield ind1=" " ind2=" " tag="588"><subfield code="a">Description based on: Vol. 3, no. 18 (Sept. 27, 1884).</subfield></datafield><datafield ind1=" " ind2="4" tag="651"><subfield code="a">Lyons (N.Y.)</subfield><subfield code="v">Newspapers.</subfield></datafield><datafield ind1=" " ind2=" " tag="752"><subfield code="a">United States</subfield><subfield code="b">New York</subfield><subfield code="c">Wayne</subfield><subfield code="d">Lyons.</subfield></datafield><datafield ind1="1" ind2=" " tag="029"><subfield code="a">AU@</subfield><subfield code="b">000020533967</subfield></datafield></record>